@inproceedings{HartmannNG14,
  author    = {Tobias Hartmann and
               Albert Noll and
               Thomas R. Gross},
  title     = {Efficient code management for dynamic multi-tiered compilation systems},
  booktitle = {2014 International Conference on Principles and Practices of Programming
               on the Java Platform Virtual Machines, Languages and Tools, {PPPJ}
               '14, Cracow, Poland, September 23-26, 2014},
  pages     = {51--62},
  year      = {2014},
  crossref  = {DBLP:conf/pppj/2014},
  url       = {http://doi.acm.org/10.1145/2647508.2647513},
  doi       = {10.1145/2647508.2647513},
  timestamp = {Thu, 18 Sep 2014 14:37:29 +0200},
  biburl    = {http://dblp.uni-trier.de/rec/bib/conf/pppj/HartmannNG14},
  bibsource = {dblp computer science bibliography, http://dblp.org}
}
